@article{paper1,
    author  = {\textbf{MS Bannick} and McGaughey, M and Flaxman, AD},
    title   = {Ensemble modelling in descriptive epidemiology: burden of disease estimation},
    journal = {International Journal of Epidemiology},
    doi    = {https://doi.org/10.1093/ije/dyz223},
    year    = {2019}
}
@article{paper2,
    author  = {Duan, L and Pengpeng, Y and Haagsma, JA and Ye, J and Yuan, W and Yuliang, E and Xiao, D and Xin, G and Cuirong, J and Linhong, W and \textbf{MS Bannick} and Mountjoy-Venning, C and Hawley, CN and Liu, Z and Smith, M and James, SL and Vos, T and Murray, CJL},
    title   = {The burden of injury in China, 1990 - 2017: findings from the Global Burden of Disease Study 2017},
    journal = {The Lancet Public Health},
    volume  = {4},
    year    = {2019},
    issue   = {9},
    pages   = {449-461},
    doi     = {https://doi.org/10.1016/S2468-2667(19)30125-2}
},
@article{paper3,
    author  = {\textbf{MS Norwood} and Lupo, PJ and Chow, EJ and Scheurer, ME and Plon, SE and Danysh, HE and Spector, LE and Carozza, SE and Mueller, BA},
    title   = {Childhood cancer risk in those with chromosomal and non-chromosomal congenital anomalies in Washington State: 1984-2013},
    year    = {2017},
    journal = {PLoS One},
    doi    = {https://doi.org/10.1371/journal.pone.0179006}
}
@article{paper4,
    author = {\textbf{MS Norwood} and Hughes, JP and Amico, KR},
    title = {The validity of self-reported behaviors: methods for estimating underreporting of risk behaviors},
    year = {2016},
    volume = {26},
    issue = {9},
    pages = {612-618},
    journal = {Annals of Epidemiology},
    doi = {https://doi.org/10.1016/j.annepidem.2016.07.011}
}

% GBD PUBLICATIONS
@article{gbd1,
    keywords = {GBD},
    author  = {{\textbf{GBD 2016 Neurology Collaborators}}},
    title   = {Global, regional, and national burden of neurological disorders, 1990-2016: a systematic analysis for the Global Burden of Disease Study 2016},
    journal = {The Lancet Neurology},
    year    = {2019},
    volume  = {18},
    issue   = {5},
    pages   = {459-480},
    doi    = {https://doi.org/10.1016/S1474-4422(18)30499-X}
}
@article{gbd2,
    keywords = {GBD},
    author  = {{\textbf{GBD 2016 Traumatic Brain Injury and Spinal Cord Injury Collaborators}}},
    title   = {Global, regional, and national burden of traumatic brain injury and spinal cord injury, 1990-2016: a systematic analysis for the Global Burden of Disease Study 2016},
    journal = {The Lancet Neurology},
    year    = {2018},
    doi     = {https://doi.org/10.1016/S1474-4422(18)30415-0},
    volume  = {18},
    issue   = {1},
    pages   = {56-87}
}
@article{gbd3,
    keywords = {GBD},
    author = {{\textbf{GBD 2017 Causes of Death Collaborators}}},
    title = {Global, regional, and national age-sex-specific mortality for 282 causes of death in 195 countries and territories, 1980-2017: a systematic analysis for the Global Burden of Disease Study 2017},
    journal = {The Lancet},
    volume = {392},
    issue = {10159},
    pages = {1736-1788},
    year = {2018},
    doi = {https://doi.org/10.1016/S0140-6736(18)32203-7}
}
@article{gbd4,
    keywords = {GBD},
    author = {{\textbf{GBD 2016 Disease and Injury Incidence and Prevalence Collaborators}}},
    title = {Global, regional, and national incidence, prevalence, and years lived with disability for 328 diseases and injuries for 195 countries, 1990-2016: a systematic analysis for the Global Burden of Disease Study 2016},
    journal = {The Lancet},
    year = {2017},
    volume = {390},
    issue = {10100},
    pages = {1211-1259},
    doi = {https://doi.org/10.1016/S0140-6736(17)32154-2}
}
@article{gbd5,
    keywords = {GBD},
    author = {{\textbf{GBD 2016 DALYs and HALE Collaborators}}},
    title = {Global, regional, and national disability-adjusted life-years for 332 diseases and injuries and healthy life expectancy (HALE) for 195 countries and territories, 1990-2016: a systematic analysis for the Global Burden of Disease Study 2016},
    journal = {The Lancet},
    year = {2017},
    doi = {https://doi.org/10.1016/S0140-6736(17)32130-X},
    volume = {390},
    issue = {10100},
    pages = {1260 - 1344}
}
@article{gbd6,
    keywords = {GBD},
    author = {{\textbf{GBD 2016 SDG Collaborators}}},
    title = {Measuring progress and projecting attainment on the basis of past trends of the health-related Sustainable Development Goals in 188 countries: an analysis from the Global Burden of Disease Study 2016},
    journal = {The Lancet},
    year = {2017},
    volume = {390},
    issue = {10100},
    pages = {1423-1459},
    doi = {https://doi.org/10.1016/S0140-6736(17)32336-X}
}